<?xml version="1.0" encoding="UTF-8"?><collection xmlns="http://www.loc.gov/MARC21/slim"><record><leader>00491nam--2200193-u-4500</leader><controlfield tag="001">000052880</controlfield><controlfield tag="002">20161230</controlfield><controlfield tag="005">20161230201050</controlfield><controlfield tag="008">101125s1000------------r-----000-0-rus-d</controlfield><datafield ind1=" " ind2=" " tag="040"><subfield code="a">IFIN-HH</subfield></datafield><datafield ind1=" " ind2=" " tag="041"><subfield code="a">rus</subfield></datafield><datafield ind1=" " ind2=" " tag="080"><subfield code="a">535.3</subfield></datafield><datafield ind1="1" ind2=" " tag="100"><subfield code="a">Vespalov, V.I</subfield></datafield><datafield ind1="1" ind2="0" tag="245"><subfield code="a">Nelineinaia opika i adaptivhie lazernie sistemi</subfield><subfield code="c">V.i. bespalov; g.a. pasmanik</subfield></datafield><datafield ind1=" " ind2=" " tag="260"><subfield code="a">Moskva</subfield><subfield code="b">Nauka</subfield><subfield code="c">1986</subfield></datafield><datafield ind1=" " ind2=" " tag="300"><subfield code="a">133p</subfield></datafield><datafield ind1="1" ind2=" " tag="700"><subfield code="a">Pasmanik, G.A</subfield></datafield><datafield ind1=" " ind2=" " tag="852"><subfield code="a">73599</subfield><subfield code="c">535</subfield></datafield><datafield ind1=" " ind2=" " tag="CAT"><subfield code="a">Sys</subfield><subfield code="c">20101125</subfield><subfield code="h">141716</subfield></datafield></record></collection>